<?xml version="1.0" encoding="UTF-8"?><collection xmlns="http://www.loc.gov/MARC21/slim"><record><leader>00538nam--2200193-i-4500</leader><controlfield tag="001">000011246</controlfield><controlfield tag="002">20161230</controlfield><controlfield tag="005">20161230201029</controlfield><controlfield tag="008">060222s1000------------r-----000-0-eng-d</controlfield><datafield ind1=" " ind2=" " tag="040"><subfield code="a">IFIN-HH</subfield></datafield><datafield ind1=" " ind2=" " tag="080"><subfield code="a">533.15</subfield></datafield><datafield ind1="1" ind2=" " tag="100"><subfield code="a">Huxley, L.G.H</subfield></datafield><datafield ind1="1" ind2="0" tag="245"><subfield code="a">The diffusion and drift of electrons in gases</subfield><subfield code="c">L.g.h. huxley, r.w. crompton</subfield></datafield><datafield ind1=" " ind2=" " tag="260"><subfield code="a">New York, John Wiley &amp; Sons, 1974</subfield></datafield><datafield ind1=" " ind2=" " tag="300"><subfield code="a">XXIV+669P</subfield></datafield><datafield ind1=" " ind2=" " tag="490"><subfield code="a">Wiley Series In Plasma Physics</subfield></datafield><datafield ind1="1" ind2=" " tag="700"><subfield code="a">Crompton, R.W</subfield></datafield><datafield ind1=" " ind2=" " tag="852"><subfield code="a">41903</subfield><subfield code="c">533.7</subfield></datafield><datafield ind1=" " ind2=" " tag="CAT"><subfield code="a">Sys</subfield><subfield code="c">20100915</subfield><subfield code="h">140930</subfield></datafield></record></collection>